@article {deepcluster,
    author  = "Junyuan Xie and Ross Girshick and Ali Farhadi",
    title   = "Unsupervised Deep Embedding for Clustering Analysis",
    journal = "Proceedings of the 33rd International Conference on Machine Learning",
    year    = "2016",
    volume  = "48"
}

@article {highdimensional,
	author = {Zimek, Arthur and Schubert, Erich and Kriegel, Hans-Peter},
	title = {A survey on unsupervised outlier detection in high-dimensional numerical data},
	journal = {Statistical Analysis and Data Mining},
	volume = {5},
	number = {5},
	publisher = {Wiley Subscription Services, Inc., A Wiley Company},
	issn = {1932-1872},
	url = {http://dx.doi.org/10.1002/sam.11161},
	doi = {10.1002/sam.11161},
	pages = {363--387},
	keywords = {curse of dimensionality, anomalies in high-dimensional data, outlier detection in high-dimensional data, approximate outlier detection, subspace outlier detection, correlation outlier detection},
	year = {2012},
}

@article {noiseae,
	author = {Pascal Vincent and Hugo Larochelle and Yoshua Bengio and Pierre-Antoine Manzagol},
	title = {Extracting and Composing Robust Features with Denoising Autoencoders},
	journal = {Proceedings of the 25th International Conference on Machine Learning},
	year = {2008},
}

@article {noisecluster,
	author = {Shai Ben-David and Nika Haghtalab},
	title = {Clustering in the Presence of Background Noise},
	journal = {Proceedings of the 31st International Conference on Machine Learning},
	volume = {32},
	year = {2014},
}

@book{DLBook,
	title={Deep Learning},
	author={Ian Goodfellow and Yoshua Bengio and Aaron Courville},
	publisher={MIT Press},
	year={2016}
}

@article{decon, 
	author={M. D. Zeiler and D. Krishnan and G. W. Taylor and R. Fergus}, 
	journal={IEEE Computer Society Conference on Computer Vision and Pattern Recognition}, 
	title={Deconvolutional networks}, 
	year={2010}, 
	pages={2528-2535}
}

@ARTICLE{chairs, 
	author={A. Dosovitskiy and J. T. Springenberg and M. Tatarchenko and T. Brox}, 
	journal={IEEE Transactions on Pattern Analysis and Machine Intelligence}, 
	title={Learning to Generate Chairs, Tables and Cars with Convolutional Networks}, 
	year={2017}, 
	volume={39}, 
	number={4}, 
	pages={692-705}, 
}

@article{gan,
	author={Ian J. Goodfellow and Jean Pouget-Abadie and Mehdi Mirza and Bing Xu and David Warde-Farley and Sherjil Ozair and Aaron Courville and Yoshua Bengio},
	journal={Advances in Neural Information Processing Systems},
	title={Generative Adversarial Nets},
	year={2014},
	pages={2672-2680}
}

@article{weighted,
	author    = {Margareta Ackerman and
	Shai Ben{-}David and
	Simina Br{\^{a}}nzei and
	David Loker},
	title     = {Weighted Clustering},
	journal   = {Computing Research Repository},
	year      = {2011}
}

@article{decon2,
	author  = {Osendorfer, Christian and Hubert Soyer, and Patrick van der Smagt},
	title     = {Image Super-Resolution with Fast Approximate Convolutional Sparse Coding},
	journal   = {Neural Information Processing},
	year      = {2014}
}

@article{graph,
	author = {Tian, Fei and Gao, Bin and Cui, Qing and Chen, Enhong and Liu, Tie-Yan},
	title = {Learning Deep Representations for Graph Clustering},
	journal = {Proceedings of the 28th AAAI Conference on Artificial Intelligence},
	year = {2014},
	pages = {1293--1299},
} 