@article{xavier,
	title={Understanding the difficulty of training deep feedforward neural networks},
	author={Glorot, Xavier and Bengio, Yoshua},
	journal={Proceedings of the Thirteenth International Conference on Artificial Intelligence and Statistics},
	pages={249--256},
	year={2010}
}

@article{info,
	title={Information theoretic measures for clusterings comparison: Variants, properties, normalization and correction for chance},
	author={Vinh, Nguyen Xuan and Epps, Julien and Bailey, James},
	journal={Journal of Machine Learning Research},
	volume={11},
	pages={2837--2854},
	year={2010}
}

@article{cifar,
	title={Learning Multiple Layers of Features from Tiny Images},
	author={Alex Krizhevsky},
	year={2009},
	note={\\ \texttt{https://www.cs.toronto.edu/\textasciitilde kriz/cifar.html}}
}

@article{emnist,
	title={EMNIST: an extension of MNIST to handwritten letters},
	author={Cohen, Gregory and Afshar, Saeed and Tapson, Jonathan and van Schaik, Andre},
	year={2017},
	note={\\ \texttt{https://www.nist.gov/itl/iad/image-group/emnist-dataset}}
}

@article{mnist,
	title={The MNIST database of handwritten digits},
	author={LeCun, Yann and Corinna Cortes and Christopher J.C. Burges},
	note={\\ \texttt{http://yann.lecun.com/exdb/mnist/}},
	year={1998}
}

@article{adam,
	title={Adam: A method for stochastic optimization},
	author={Kingma, Diederik and Ba, Jimmy},
	year={2014}
}

@ARTICLE{lloyd, 
	author={S. Lloyd}, 
	journal={IEEE Transactions on Information Theory}, 
	title={Least squares quantization in PCM}, 
	year={1982}, 
	volume={28}, 
	number={2}, 
	pages={129-137}, 
}

@article{Sculley,
	author = {Sculley, D.},
	title = {Web-scale K-means Clustering},
	journal = {Proceedings of the 19th International Conference on World Wide Web},
	year = {2010},
	pages = {1177--1178},
} 

@ARTICLE{gmm, 
	author={Nat Dilokthanakul and Pedro A. M. Mediano and Marta Garnelo and Matthew C. H. Lee and Hugh Salimbeni and Kai Arulkumaran and Murray Shanahan}, 
	journal={6th International Conference on Learning Representations}, 
	title={Deep Unsupervised Clustering With Gaussian Mixture Variational Autoencoders}, 
	year={2017},
	note={Under Review}
}

@article{convergence,
	title={Convergence properties of the k-means algorithms},
	author={Bottou, Leon and Bengio, Yoshua},
	journal={Advances in Neural Information Processing Systems},
	pages={585--592},
	year={1995}
}

@article {vmeasure,
    author  = "Andrew Rosenberg and Julia Hirschberg",
    title   = "V-Measure: A conditional entropy-based external cluster evaluation measure",
    journal = "Proceedings of the 2007 Joint Conference on Empirical Methods in Natural Language Processing and Computational Natural Language Learning",
    year    = "2007",
    volume  = "48",
    pages={410--420}
}

@article{rand,
	author = {William M. Rand},
	journal = {Journal of the American Statistical Association},
	number = {336},
	pages = {846-850},
	title = {Objective Criteria for the Evaluation of Clustering Methods},
	volume = {66},
	year = {1971}
}

@article {deepcluster,
	author  = "Junyuan Xie and Ross Girshick and Ali Farhadi",
	title   = "Unsupervised Deep Embedding for Clustering Analysis",
	journal = "Proceedings of the 33rd International Conference on Machine Learning",
	year    = "2016",
	volume  = "48"
}

@article{coates,
	title = 	 {An Analysis of Single-Layer Networks in Unsupervised Feature Learning},
	author = 	 {Adam Coates and Andrew Ng and Honglak Lee},
	journal =  {Proceedings of the Fourteenth International Conference on Artificial Intelligence and Statistics},
	pages = 	 {215--223},
	year = 	 {2011},
	volume = 	 {15},
}

@article {highdimensional,
	author = {Zimek, Arthur and Schubert, Erich and Kriegel, Hans-Peter},
	title = {A survey on unsupervised outlier detection in high-dimensional numerical data},
	journal = {Statistical Analysis and Data Mining},
	volume = {5},
	number = {5},
	publisher = {Wiley Subscription Services, Inc., A Wiley Company},
	issn = {1932-1872},
	url = {http://dx.doi.org/10.1002/sam.11161},
	doi = {10.1002/sam.11161},
	pages = {363--387},
	keywords = {curse of dimensionality, anomalies in high-dimensional data, outlier detection in high-dimensional data, approximate outlier detection, subspace outlier detection, correlation outlier detection},
	year = {2012},
}

@article {noiseae,
	author = {Pascal Vincent and Hugo Larochelle and Yoshua Bengio and Pierre-Antoine Manzagol},
	title = {Extracting and Composing Robust Features with Denoising Autoencoders},
	journal = {Proceedings of the 25th International Conference on Machine Learning},
	year = {2008},
}

@article {noisecluster,
	author = {Shai Ben-David and Nika Haghtalab},
	title = {Clustering in the Presence of Background Noise},
	journal = {Proceedings of the 31st International Conference on Machine Learning},
	volume = {32},
	year = {2014},
}

@book{DLBook,
	title={Deep Learning},
	author={Ian Goodfellow and Yoshua Bengio and Aaron Courville},
	publisher={MIT Press},
	year={2016}
}

@article{decon, 
	author={M. D. Zeiler and D. Krishnan and G. W. Taylor and R. Fergus}, 
	journal={IEEE Computer Society Conference on Computer Vision and Pattern Recognition}, 
	title={Deconvolutional networks}, 
	year={2010}, 
	pages={2528-2535}
}

@ARTICLE{chairs, 
	author={A. Dosovitskiy and J. T. Springenberg and M. Tatarchenko and T. Brox}, 
	journal={IEEE Transactions on Pattern Analysis and Machine Intelligence}, 
	title={Learning to Generate Chairs, Tables and Cars with Convolutional Networks}, 
	year={2017}, 
	volume={39}, 
	number={4}, 
	pages={692-705}, 
}

@article{gan,
	author={Ian J. Goodfellow and Jean Pouget-Abadie and Mehdi Mirza and Bing Xu and David Warde-Farley and Sherjil Ozair and Aaron Courville and Yoshua Bengio},
	journal={Advances in Neural Information Processing Systems},
	title={Generative Adversarial Nets},
	year={2014},
	pages={2672-2680}
}

@article{weighted,
	author    = {Margareta Ackerman and
	Shai Ben{-}David and
	Simina Br{\^{a}}nzei and
	David Loker},
	title     = {Weighted Clustering},
	journal   = {Computing Research Repository},
	year      = {2011}
}

@article{decon2,
	author  = {Osendorfer, Christian and Hubert Soyer, and Patrick van der Smagt},
	title     = {Image Super-Resolution with Fast Approximate Convolutional Sparse Coding},
	journal   = {Neural Information Processing},
	year      = {2014}
}

@article{graph,
	author = {Tian, Fei and Gao, Bin and Cui, Qing and Chen, Enhong and Liu, Tie-Yan},
	title = {Learning Deep Representations for Graph Clustering},
	journal = {Proceedings of the 28th AAAI Conference on Artificial Intelligence},
	year = {2014},
	pages = {1293--1299},
} 